%% This BibTeX bibliography file was created using BibDesk.
%% http://bibdesk.sourceforge.net/


%% Created for Michael Goodrich at 2013-10-28 13:06:19 -0600 


%% Saved with string encoding Unicode (UTF-8) 



@book{WiSARBook,
	Author = {T. J. Setnicka},
	Date-Added = {2013-05-16 21:39:41 +0000},
	Date-Modified = {2013-05-16 21:39:41 +0000},
	Publisher = {Appalachian Mountain Club},
	Title = {Wilderness Search and Rescue},
	Year = {1980}}

@article{Adams2008,
	Author = {Adams, Julie A and Humphrey, Curtis M and Goodrich, Michael A and Cooper, Joseph L and Morse, Bryan S and Engh, Cameron and Rasmussen, Nathan},
	Journal = {Journal of cognitive engineering and decision making},
	Number = {1},
	Pages = {1--26},
	Publisher = {SAGE Publications},
	Title = {Cognitive task analysis for developing unmanned aerial vehicle wilderness search support},
	Volume = {3},
	Year = {2009}}

@incollection{Goodrich2010,
	Address = {Surrey, England},
	Author = {Michael A. Goodrich},
	Booktitle = {Human-Robot Interactions in Future Military Operations},
	Date-Added = {2013-05-16 21:18:26 +0000},
	Date-Modified = {2013-05-16 21:18:26 +0000},
	Editor = {M. Barnes and F. Jentsch},
	Publisher = {Ashgate Publishing},
	Title = {On Maximizing Fan-Out: Towards Controlling Multiple Unmanned Vehicles},
	Year = {2010}}

@inproceedings{MitchellCummings2005,
	Author = {P. M. Mitchell and M. L. Cummings},
	Booktitle = {10th International Command and Control Research And Technology Symposium},
	Date-Added = {2013-05-16 21:17:29 +0000},
	Date-Modified = {2013-05-16 21:17:29 +0000},
	Title = {Management of Multiple Dynamic Human Supervisory Control Tasks},
	Year = {2005}}

@inbook{Cummings2007,
	Author = {M. L. Cummings and C. E. Nehme and J. Crandall and P. Mitchell},
	Date-Added = {2013-05-16 21:03:17 +0000},
	Date-Modified = {2013-05-16 21:03:17 +0000},
	Pages = {11-37},
	Publisher = {Springer},
	Series = {Studies in Computational Intelligence},
	Title = {Developing Operator Capacity Estimates for Supervisory Control of Autonomous Vehicles},
	Volume = {70},
	Year = {2007}}

@misc{MurphyStoverPrattGriffin2006,
	Author = {R. Murphy and S. Stover and K. Pratt and C. Griffin},
	Date-Added = {2013-05-16 21:00:46 +0000},
	Date-Modified = {2013-05-16 21:00:46 +0000},
	Howpublished = {IROS 2006 Video Session},
	Month = {October},
	Title = {Cooperative Damage Inspection with Unmanned Surface Vehicle and Micro Unmanned Aerial Vehicle at Hurrican {Wilma}},
	Year = {2006}}

@article{GoodrichMorse2008,
	Author = {M. A. Goodrich and B. S. Morse and D. Gerhardt and J. L. Cooper and M. Quigley and J. A. Adams and C. Humphrey},
	Date-Added = {2013-05-16 21:00:22 +0000},
	Date-Modified = {2013-05-16 21:00:22 +0000},
	Journal = {Journal of Field Robotics},
	Number = {1-2},
	Pages = {89-110},
	Title = {Supporting Wilderness Search and Rescue using a Camera-Equipped Mini {UAV}},
	Volume = {25},
	Year = {2008}}

@inproceedings{cooper2008towards,
	Author = {Cooper, J. and Goodrich, M.A.},
	Booktitle = {Proceedings of the 3rd ACM/IEEE international conference on Human robot interaction},
	Organization = {ACM},
	Owner = {TJ-ASUS},
	Pages = {351--358},
	Timestamp = {2011.12.01},
	Title = {Towards combining {UAV} and sensor operator roles in {UAV-enabled} visual search},
	Year = {2008}}

@inproceedings{goodrich2007using,
	Author = {Goodrich, M.A. and Cooper, J.L. and Adams, J.A. and Humphrey, C. and Zeeman, R. and Buss, B.G.},
	Booktitle = {Safety, Security and Rescue Robotics, 2007. SSRR 2007. IEEE International Workshop on},
	Organization = {IEEE},
	Owner = {TJ-ASUS},
	Pages = {1--6},
	Timestamp = {2011.12.01},
	Title = {Using a {mini-UAV} to support wilderness search and rescue: Practices for human-robot teaming},
	Year = {2007}}

@article{goodrich2009towards,
	Author = {Goodrich, M.A. and Morse, B.S. and Engh, C. and Cooper, J.L. and Adams, J.A.},
	Journal = {Interaction Studies},
	Number = {3},
	Owner = {TJ-ASUS},
	Pages = {453--478},
	Publisher = {John Benjamins Publishing Company},
	Timestamp = {2011.12.01},
	Title = {Towards using Unmanned Aerial Vehicles {(UAVs)} in Wilderness Search and Rescue: Lessons from field trials},
	Volume = {10},
	Year = {2009}}

@proceedings{rungta2013aviation,
	Author = {Rungta, N. and Brat, G. and Clancey, W. and Linde, C. and Raimondi, F. Chin S. and Shafto, M.},
	Series = {ATACCS},
	Title = {Aviation Safety: Modeling and Analyzing Complex Interactions between Humans and Automated Systems},
	Year = {2013}}

@proceedings{hunter2013a,
	Author = {Hunter, J. and Raimondi, F. and Rungta, N. and Stocker, R.},
	Series = {AAMAS},
	Title = {A Synergistic and Extensible Framework for Multi-Agent System Verification},
	Year = {2013}}

@proceedings{bolton2009enhanced,
	Author = {Bolton, M. and Bass, E.},
	Booktitle = {Proceedings of the 2009 IEEE international conference on Systems, Man and Cybernetics},
	Pages = {2904--2911},
	Publisher = {IEEE Press},
	Series = {SMC'09},
	Title = {Enhanced operator function model: a generic human task behavior modeling language},
	Year = {2009}}

@proceedings{bolton2013evaluating,
	Author = {Bolton, M. and Bass, E.},
	Title = {Evaluating Human-human Communication Protocols with Miscommunication Generation and Model Checking},
	Year = {2013}}

@incollection{MurphyBurke2010,
	Author = {R. R. Murphy and J. L. Burke},
	Booktitle = {Human-Robot Interaction in Future Military Operations},
	Chapter = {3},
	Date-Added = {2013-05-17 17:26:01 +0000},
	Date-Modified = {2013-05-17 17:27:11 +0000},
	Editor = {M. Barnes and F. Jentsch},
	Pages = {31-49},
	Publisher = {Ashgate Publishing},
	Title = {The Safe Human-Robot Ratio},
	Year = {2010}}

@article{Box1976,
	Author = {G. E. P. Box},
	Date-Added = {2013-05-17 17:39:27 +0000},
	Date-Modified = {2013-05-17 17:41:13 +0000},
	Journal = {Journal of the American Statistical Association},
	Number = {356},
	Pages = {791-799},
	Title = {Science and Statistics},
	Volume = {71},
	Year = {1976}}

@phdthesis{humphrey2009information,
	Author = {Humphrey, Curtis Michael},
	Title = {Information abstraction visualization for human-robot interaction},
	Year = {2009}}

@article{bolton2013litreview,
	Author = {M. Bolton and E. Bass and R. Siminiceanu},
	Date-Modified = {2013-10-28 19:06:19 +0000},
	Journal = {IEEE Transactions on Systems, Man, and Cybernetics},
	Number = {3},
	Pages = {488-503},
	Title = {Using Formal Verification to Evaluate Human-Automation Interaction: A Review},
	Volume = {43},
	Year = {2013}}

@article{salvucci2008threaded,
	Author = {Salvucci, Dario D and Taatgen, Niels A},
	Journal = {Psychological review},
	Number = {1},
	Pages = {101},
	Publisher = {American Psychological Association},
	Title = {Threaded cognition: an integrated theory of concurrent multitasking.},
	Volume = {115},
	Year = {2008}}

@article{wickens2002multiple,
	Author = {Wickens, Christopher D},
	Journal = {Theoretical issues in ergonomics science},
	Number = {2},
	Pages = {159--177},
	Publisher = {Taylor \& Francis},
	Title = {Multiple resources and performance prediction},
	Volume = {3},
	Year = {2002}}

@incollection{cummings2007predicting,
	Author = {Cummings, Mary L and Nehme, Carl E and Crandall, Jacob and Mitchell, Paul},
	Booktitle = {Innovations in Intelligent Machines-1},
	Pages = {11--37},
	Publisher = {Springer},
	Title = {Predicting operator capacity for supervisory control of multiple UAVs},
	Year = {2007}}

@article{anderson2004integrated,
	Author = {Anderson, John R and Bothell, Daniel and Byrne, Michael D and Douglass, Scott and Lebiere, Christian and Qin, Yulin},
	Journal = {Psychological review},
	Number = {4},
	Pages = {1036},
	Publisher = {American Psychological Association},
	Title = {An integrated theory of the mind.},
	Volume = {111},
	Year = {2004}}

@inproceedings{gledhill2013modelinguas,
	Author = {T. J. Gledhill and E. Mercer and M. A. Goodrich},
	Booktitle = {Proceedings of the IEEE International Conference on Systems, Man, and Cybernetics},
	Date-Modified = {2013-10-28 11:29:54 +0000},
	Title = {Modeling UASs for Role Fusion and Human Machine Interface Optimization},
	Year = {2013}}

@article{moray1982subjective,
	Author = {Moray, Neville},
	Journal = {Human Factors: The Journal of the Human Factors and Ergonomics Society},
	Number = {1},
	Pages = {25--40},
	Publisher = {SAGE Publications},
	Title = {Subjective mental workload},
	Volume = {24},
	Year = {1982}}

@book{newell1994unified,
	Author = {Newell, Allen},
	Publisher = {Harvard University Press},
	Title = {Unified theories of cognition},
	Volume = {187},
	Year = {1994}}
